@inproceedings{BulckPS17,
  author       = {Jo Van Bulck and
                  Frank Piessens and
                  Raoul Strackx},
  title        = {{SGX-Step}: {A} Practical Attack Framework for Precise Enclave Execution
                  Control},
  booktitle    = {SysTEX@SOSP},
  pages        = {4:1--4:6},
  publisher    = {{ACM}},
  year         = {2017}
}

@inproceedings{ConstableBCXXAK23,
  author       = {Scott Constable and
                  Jo Van Bulck and
                  Xiang Cheng and
                  Yuan Xiao and
                  Cedric Xing and
                  Ilya Alexandrovich and
                  Taesoo Kim and
                  Frank Piessens and
                  Mona Vij and
                  Mark Silberstein},
  title        = {{AEX}-Notify: Thwarting Precise Single-Stepping Attacks through Interrupt
                  Awareness for Intel {SGX} Enclaves},
  booktitle    = {{USENIX} Security Symposium},
  pages        = {4051--4068},
  publisher    = {{USENIX} Association},
  year         = {2023}
}

@inproceedings{MoghimiBHPS20,
  author       = {Daniel Moghimi and
                  Jo Van Bulck and
                  Nadia Heninger and
                  Frank Piessens and
                  Berk Sunar},
  title        = {{CopyCat}: Controlled Instruction-Level Attacks on Enclaves},
  booktitle    = {{USENIX} Security Symposium},
  pages        = {469--486},
  publisher    = {{USENIX} Association},
  year         = {2020}
}

@inproceedings{0001SGKKP17,
  author       = {Sangho Lee and
                  Ming{-}Wei Shih and
                  Prasun Gera and
                  Taesoo Kim and
                  Hyesoon Kim and
                  Marcus Peinado},
  title        = {Inferring Fine-grained Control Flow Inside {SGX} Enclaves with Branch
                  Shadowing},
  booktitle    = {{USENIX} Security Symposium},
  pages        = {557--574},
  publisher    = {{USENIX} Association},
  year         = {2017}
}

@inproceedings{RistenpartTSS09,
  author       = {Thomas Ristenpart and
                  Eran Tromer and
                  Hovav Shacham and
                  Stefan Savage},
  title        = {Hey, you, get off of my cloud: exploring information leakage in third-party
                  compute clouds},
  booktitle    = {{CCS}},
  pages        = {199--212},
  publisher    = {{ACM}},
  year         = {2009}
}

@manual{Intel16,
  author       = {Intel},
  title        = {{I}ntel 64 and {IA}-32 Architectures Software Developer's Manual},
  volume       = {3A},
  pages        = {64},
  year         = {2016}
}

@inproceedings{WangCPZWBTG17,
  author       = {Wenhao Wang and
                  Guoxing Chen and
                  Xiaorui Pan and
                  Yinqian Zhang and
                  XiaoFeng Wang and
                  Vincent Bindschaedler and
                  Haixu Tang and
                  Carl A. Gunter},
  title        = {Leaky Cauldron on the Dark Land: Understanding Memory Side-Channel
                  Hazards in {SGX}},
  booktitle    = {{CCS}},
  pages        = {2421--2434},
  publisher    = {{ACM}},
  year         = {2017}
}

@inproceedings{XuCP15,
  author       = {Yuanzhong Xu and
                  Weidong Cui and
                  Marcus Peinado},
  title        = {Controlled-Channel Attacks: Deterministic Side Channels for Untrusted
                  Operating Systems},
  booktitle    = {{IEEE} Symposium on Security and Privacy},
  pages        = {640--656},
  publisher    = {{IEEE} Computer Society},
  year         = {2015}
}

@manual{Intel17,
  title     = {Intel Software Guard Extensions Developer Guide},
  author    = {Intel},
  year      = {2017},
  publisher = {June}
}

@article{CostanD16,
  author       = {Victor Costan and
                  Srinivas Devadas},
  title        = {Intel {SGX} Explained},
  journal      = {{IACR} Cryptol. ePrint Arch.},
  pages        = {86},
  year         = {2016}
}

@inproceedings{ArnautovTGKMPLM16,
  author       = {Sergei Arnautov and
                  Bohdan Trach and
                  Franz Gregor and
                  Thomas Knauth and
                  Andr{\'{e}} Martin and
                  Christian Priebe and
                  Joshua Lind and
                  Divya Muthukumaran and
                  Dan O'Keeffe and
                  Mark Stillwell and
                  David Goltzsche and
                  David M. Eyers and
                  R{\"{u}}diger Kapitza and
                  Peter R. Pietzuch and
                  Christof Fetzer},
  title        = {{SCONE:} Secure Linux Containers with Intel {SGX}},
  booktitle    = {{OSDI}},
  pages        = {689--703},
  publisher    = {{USENIX} Association},
  year         = {2016}
}

@inproceedings{BulckWKPS17,
  author       = {Jo Van Bulck and
                  Nico Weichbrodt and
                  R{\"{u}}diger Kapitza and
                  Frank Piessens and
                  Raoul Strackx},
  title        = {Telling Your Secrets without Page Faults: Stealthy Page Table-Based
                  Attacks on Enclaved Execution},
  booktitle    = {{USENIX} Security Symposium},
  pages        = {1041--1056},
  publisher    = {{USENIX} Association},
  year         = {2017}
}

@article{HosseinzadehLLP18,
  author       = {Shohreh Hosseinzadeh and
                  Hans Liljestrand and
                  Ville Lepp{\"{a}}nen and
                  Andrew Paverd},
  title        = {Mitigating Branch-Shadowing Attacks on Intel {SGX} using Control Flow
                  Randomization},
  journal      = {CoRR},
  volume       = {abs/1808.06478},
  year         = {2018},
  url          = {http://arxiv.org/abs/1808.06478},
  eprinttype    = {arXiv},
  eprint       = {1808.06478},
  timestamp    = {Sun, 02 Sep 2018 15:01:57 +0200},
  biburl       = {https://dblp.org/rec/journals/corr/abs-1808-06478.bib},
  bibsource    = {dblp computer science bibliography, https://dblp.org}
}

@inproceedings{HahnelCP17,
  author       = {Marcus H{\"{a}}hnel and
                  Weidong Cui and
                  Marcus Peinado},
  editor       = {Dilma Da Silva and
                  Bryan Ford},
  title        = {High-Resolution Side Channels for Untrusted Operating Systems},
  booktitle    = {2017 {USENIX} Annual Technical Conference, {USENIX} {ATC} 2017, Santa
                  Clara, CA, USA, July 12-14, 2017},
  pages        = {299--312},
  publisher    = {{USENIX} Association},
  year         = {2017},
  url          = {https://www.usenix.org/conference/atc17/technical-sessions/presentation/hahnel},
  timestamp    = {Mon, 01 Feb 2021 08:43:34 +0100},
  biburl       = {https://dblp.org/rec/conf/usenix/HahnelCP17.bib},
  bibsource    = {dblp computer science bibliography, https://dblp.org}
}

@inproceedings{SGKKP17,
  author       = {Sangho Lee and
                  Ming{-}Wei Shih and
                  Prasun Gera and
                  Taesoo Kim and
                  Hyesoon Kim and
                  Marcus Peinado},
  editor       = {Engin Kirda and
                  Thomas Ristenpart},
  title        = {Inferring Fine-grained Control Flow Inside {SGX} Enclaves with Branch
                  Shadowing},
  booktitle    = {26th {USENIX} Security Symposium, {USENIX} Security 2017, Vancouver,
                  BC, Canada, August 16-18, 2017},
  pages        = {557--574},
  publisher    = {{USENIX} Association},
  year         = {2017},
  url          = {https://www.usenix.org/conference/usenixsecurity17/technical-sessions/presentation/lee-sangho},
  timestamp    = {Mon, 01 Feb 2021 08:43:11 +0100},
  biburl       = {https://dblp.org/rec/conf/uss/0001SGKKP17.bib},
  bibsource    = {dblp computer science bibliography, https://dblp.org}
}
